@book {MR2082709,
AUTHOR = {Frenkel, Edward and Ben-Zvi, David},
TITLE = {Vertex algebras and algebraic curves},
SERIES = {Mathematical Surveys and Monographs},
VOLUME = {88},
EDITION = {Second},
PUBLISHER = {American Mathematical Society, Providence, RI},
YEAR = {2004},
PAGES = {xiv+400},
ISBN = {0-8218-3674-9},
MRCLASS = {17B69 (14D21 14H81)},
MRNUMBER = {2082709},
DOI = {10.1090/surv/088},
URL = {http://dx.doi.org/10.1090/surv/088},
}

@book {MR1104219,
    AUTHOR = {Kac, Victor G.},
     TITLE = {Infinite-dimensional {L}ie algebras},
   EDITION = {Third},
 PUBLISHER = {Cambridge University Press, Cambridge},
      YEAR = {1990},
     PAGES = {xxii+400},
      ISBN = {0-521-37215-1; 0-521-46693-8},
   MRCLASS = {17B65 (17B67 17B68 58F07)},
  MRNUMBER = {1104219},
       DOI = {10.1017/CBO9780511626234},
       URL = {http://dx.doi.org/10.1017/CBO9780511626234},
}
@book {MR1898414,
    AUTHOR = {Markl, Martin and Shnider, Steve and Stasheff, Jim},
     TITLE = {Operads in algebra, topology and physics},
    SERIES = {Mathematical Surveys and Monographs},
    VOLUME = {96},
 PUBLISHER = {American Mathematical Society, Providence, RI},
      YEAR = {2002},
     PAGES = {x+349},
      ISBN = {0-8218-2134-2},
   MRCLASS = {18D50 (55P48 55R80)},
  MRNUMBER = {1898414},
MRREVIEWER = {Alexander A. Voronov},
}

@article {MR1854697,
    AUTHOR = {Lurie, Jacob},
     TITLE = {On simply laced {L}ie algebras and their minuscule
              representations},
   JOURNAL = {Comment. Math. Helv.},
  FJOURNAL = {Commentarii Mathematici Helvetici},
    VOLUME = {76},
      YEAR = {2001},
    NUMBER = {3},
     PAGES = {515--575},
      ISSN = {0010-2571},
     CODEN = {COMHAX},
   MRCLASS = {17B10 (17B25)},
  MRNUMBER = {1854697},
MRREVIEWER = {Daniel K. Nakano},
       DOI = {10.1007/PL00013217},
       URL = {http://dx.doi.org/10.1007/PL00013217},
}
		
@article {MR1172696,
    AUTHOR = {Borcherds, Richard E.},
     TITLE = {Monstrous moonshine and monstrous {L}ie superalgebras},
   JOURNAL = {Invent. Math.},
  FJOURNAL = {Inventiones Mathematicae},
    VOLUME = {109},
      YEAR = {1992},
    NUMBER = {2},
     PAGES = {405--444},
      ISSN = {0020-9910},
     CODEN = {INVMBH},
   MRCLASS = {11F22 (17A70 17B67 20D08)},
  MRNUMBER = {1172696},
MRREVIEWER = {Steven N. Kass},
       DOI = {10.1007/BF01232032},
       URL = {http://dx.doi.org/10.1007/BF01232032},
}

@article {MR0227171,
    AUTHOR = {Tate, John},
     TITLE = {Residues of differentials on curves},
   JOURNAL = {Ann. Sci. \'Ecole Norm. Sup. (4)},
  FJOURNAL = {Annales Scientifiques de l'\'Ecole Normale Sup\'erieure.
              Quatri\`eme S\'erie},
    VOLUME = {1},
      YEAR = {1968},
     PAGES = {149--159},
      ISSN = {0012-9593},
   MRCLASS = {14.20},
  MRNUMBER = {0227171},
MRREVIEWER = {R. L. Knighten},
}

@ARTICLE{2005hep.th....9027G,
   author = {{Gaberdiel}, M.~R.},
    title = {2D conformal field theory and vertex operator algebras},
  journal = {ArXiv High Energy Physics - Theory e-prints},
   eprint = {hep-th/0509027},
 keywords = {High Energy Physics - Theory},
     year = 2005,
    month = sep,
   adsurl = {http://adsabs.harvard.edu/abs/2005hep.th....9027G},
  adsnote = {Provided by the SAO/NASA Astrophysics Data System}
}

@book {MR1651389,
    AUTHOR = {Kac, Victor},
     TITLE = {Vertex algebras for beginners},
    SERIES = {University Lecture Series},
    VOLUME = {10},
   EDITION = {Second},
 PUBLISHER = {American Mathematical Society, Providence, RI},
      YEAR = {1998},
     PAGES = {vi+201},
      ISBN = {0-8218-1396-X},
   MRCLASS = {17B69},
  MRNUMBER = {1651389},
       DOI = {10.1090/ulect/010},
       URL = {http://dx.doi.org/10.1090/ulect/010},
}

@book {MR996026,
    AUTHOR = {Frenkel, Igor and Lepowsky, James and Meurman, Arne},
     TITLE = {Vertex operator algebras and the {M}onster},
    SERIES = {Pure and Applied Mathematics},
    VOLUME = {134},
 PUBLISHER = {Academic Press, Inc., Boston, MA},
      YEAR = {1988},
     PAGES = {liv+508},
      ISBN = {0-12-267065-5},
   MRCLASS = {17B65 (17B67 20D08 81D15 81E40)},
  MRNUMBER = {996026},
MRREVIEWER = {Kailash C. Misra},
}

@book {MR2058353,
    AUTHOR = {Beilinson, Alexander and Drinfeld, Vladimir},
     TITLE = {Chiral algebras},
    SERIES = {American Mathematical Society Colloquium Publications},
    VOLUME = {51},
 PUBLISHER = {American Mathematical Society, Providence, RI},
      YEAR = {2004},
     PAGES = {vi+375},
      ISBN = {0-8218-3528-9},
   MRCLASS = {17Bxx (14F43)},
  MRNUMBER = {2058353},
MRREVIEWER = {Francisco J. Plaza Mart{\'{\i}}n},
}

@article {MR2891861,
    AUTHOR = {Francis, John and Gaitsgory, Dennis},
     TITLE = {Chiral {K}oszul duality},
   JOURNAL = {Selecta Math. (N.S.)},
  FJOURNAL = {Selecta Mathematica. New Series},
    VOLUME = {18},
      YEAR = {2012},
    NUMBER = {1},
     PAGES = {27--87},
      ISSN = {1022-1824},
     CODEN = {SMATF6},
   MRCLASS = {14F10 (14F05 14H81 17B55 18D10 18D50)},
  MRNUMBER = {2891861},
MRREVIEWER = {Beno\^ {\i}t Fresse},
       DOI = {10.1007/s00029-011-0065-z},
       URL = {http://dx.doi.org/10.1007/s00029-011-0065-z},
}